<?xml version="1.0" encoding="UTF-8"?>
<marc:collection xmlns:marc="http://www.loc.gov/MARC21/slim" xmlns:xsi="http://www.w3.org/2001/XMLSchema-instance" xsi:schemaLocation="http://www.loc.gov/MARC21/slim http://www.loc.gov/standards/marcxml/schema/MARC21slim.xsd">
   <marc:record type="Bibliographic">
      <marc:leader>01713cam a2200349 a 4500</marc:leader>
      <marc:controlfield tag="001">462842</marc:controlfield>
      <marc:controlfield tag="003">NjP</marc:controlfield>
      <marc:controlfield tag="005">20130430111848.0</marc:controlfield>
      <marc:controlfield tag="008">880823s1947    ua            000 0 ara d</marc:controlfield>
      <marc:datafield tag="024" ind1="7" ind2=" ">
         <marc:subfield code="a">princeton_aco000192</marc:subfield>
         <marc:subfield code="2">local</marc:subfield>
      </marc:datafield>
      <marc:datafield tag="035" ind1=" " ind2=" ">
         <marc:subfield code="a">(OCoLC)ocn175432517</marc:subfield>
      </marc:datafield>
      <marc:datafield tag="035" ind1=" " ind2=" ">
         <marc:subfield code="a">(OCoLC)26629601</marc:subfield>
      </marc:datafield>
      <marc:datafield tag="040" ind1=" " ind2=" ">
         <marc:subfield code="a">NjP</marc:subfield>
         <marc:subfield code="c">PUL</marc:subfield>
         <marc:subfield code="d">PUL</marc:subfield>
      </marc:datafield>
      <marc:datafield tag="035" ind1=" " ind2=" ">
         <marc:subfield code="a">(OCoLC)175432517</marc:subfield>
      </marc:datafield>
      <marc:datafield tag="035" ind1=" " ind2=" ">
         <marc:subfield code="a">(CStRLIN)NJPG88-B42318</marc:subfield>
      </marc:datafield>
      <marc:datafield tag="035" ind1=" " ind2=" ">
         <marc:subfield code="9">ACD8498TS</marc:subfield>
      </marc:datafield>
      <marc:datafield tag="035" ind1=" " ind2=" ">
         <marc:subfield code="a">(NjP)462842</marc:subfield>
      </marc:datafield>
      <marc:datafield tag="079" ind1=" " ind2=" ">
         <marc:subfield code="a">ocm26629601</marc:subfield>
      </marc:datafield>
      <marc:datafield tag="049" ind1=" " ind2=" ">
         <marc:subfield code="a">PULL</marc:subfield>
      </marc:datafield>
      <marc:datafield tag="100" ind1="1" ind2=" ">
         <marc:subfield code="6">880-01</marc:subfield>
         <marc:subfield code="a">Tibrīzī, Yaḥyá ibn ʻAlī,</marc:subfield>
         <marc:subfield code="d">-1109.</marc:subfield>
      </marc:datafield>
      <marc:datafield tag="245" ind1="1" ind2="3">
         <marc:subfield code="6">880-02</marc:subfield>
         <marc:subfield code="a">al-Muʻallaqāt al-ʻashr wa-akhbār qāʼilīhā /</marc:subfield>
         <marc:subfield code="c">lil-Imām Abī Zakarīyā Yaḥyá ibn ʻAlī al-Tibrīzī ; ʻuniyat bi-taṣḥīḥihā wa-ḍabṭihā wa-al-taʻlīq ʻalayhā Idārat al-Ṭibāʻah al-Munīrīyah.</marc:subfield>
      </marc:datafield>
      <marc:datafield tag="260" ind1=" " ind2=" ">
         <marc:subfield code="6">880-03</marc:subfield>
         <marc:subfield code="a">Miṣr :</marc:subfield>
         <marc:subfield code="b">Yuṭlabu min Maktabat wa-Maṭbaʻat Muḥammad ʻAlī Ṣubayh,</marc:subfield>
         <marc:subfield code="c">[1947?]</marc:subfield>
      </marc:datafield>
      <marc:datafield tag="300" ind1=" " ind2=" ">
         <marc:subfield code="a">335 p. ;</marc:subfield>
         <marc:subfield code="c">21 cm.</marc:subfield>
      </marc:datafield>
      <marc:datafield tag="650" ind1=" " ind2="0">
         <marc:subfield code="a">Arabic poetry</marc:subfield>
         <marc:subfield code="y">To 622.</marc:subfield>
      </marc:datafield>
      <marc:datafield tag="710" ind1="2" ind2=" ">
         <marc:subfield code="6">880-04</marc:subfield>
         <marc:subfield code="a">Idārat al-Ṭibāʻah al-Munīrīyah (Egypt).</marc:subfield>
      </marc:datafield>
      <marc:datafield tag="880" ind1="1" ind2=" ">
         <marc:subfield code="6">100-01/r</marc:subfield>
         <marc:subfield code="a">تبريزي، يحيى بن علي،</marc:subfield>
         <marc:subfield code="d">-1109.</marc:subfield>
      </marc:datafield>
      <marc:datafield tag="880" ind1="1" ind2="2">
         <marc:subfield code="6">245-02/r</marc:subfield>
         <marc:subfield code="a">المعلقات العشر واخبار قائليها /</marc:subfield>
         <marc:subfield code="c">للامام ابي زكريا يحيى بن علي التبريزي ؛ عنية بتصحيحها وضبطها والتعليق عليها ادارة الطباعة المنيرية.</marc:subfield>
      </marc:datafield>
      <marc:datafield tag="880" ind1=" " ind2=" ">
         <marc:subfield code="6">260-03/r</marc:subfield>
         <marc:subfield code="a">مصر :</marc:subfield>
         <marc:subfield code="b">يطلب من مكتبة ومطبعة محمد علي صبيه،</marc:subfield>
         <marc:subfield code="c">[1947?]</marc:subfield>
      </marc:datafield>
      <marc:datafield tag="880" ind1="2" ind2=" ">
         <marc:subfield code="6">710-04/r</marc:subfield>
         <marc:subfield code="a">ادارة الطباعة المنيرية (مصر).</marc:subfield>
      </marc:datafield>
      <marc:datafield tag="998" ind1=" " ind2=" ">
         <marc:subfield code="a">09/10/92</marc:subfield>
         <marc:subfield code="s">9118</marc:subfield>
         <marc:subfield code="n">NjP</marc:subfield>
         <marc:subfield code="w">NJPG88B42318</marc:subfield>
         <marc:subfield code="d">08/23/88</marc:subfield>
         <marc:subfield code="c">JEB</marc:subfield>
         <marc:subfield code="b">JEB</marc:subfield>
         <marc:subfield code="i">920910</marc:subfield>
         <marc:subfield code="l">NJPG</marc:subfield>
      </marc:datafield>
      <marc:datafield tag="911" ind1=" " ind2=" ">
         <marc:subfield code="a">19921028</marc:subfield>
      </marc:datafield>
      <marc:datafield tag="912" ind1=" " ind2=" ">
         <marc:subfield code="a">19920910000000.0</marc:subfield>
      </marc:datafield>
      <marc:datafield tag="994" ind1=" " ind2=" ">
         <marc:subfield code="a">C0</marc:subfield>
         <marc:subfield code="b">PUL</marc:subfield>
      </marc:datafield>
      <marc:datafield tag="999" ind1=" " ind2=" ">
         <marc:subfield code="a">462842</marc:subfield>
      </marc:datafield>
   </marc:record>
</marc:collection>
